<?xml version="1.0" encoding="UTF-8"?><collection xmlns="http://www.loc.gov/MARC21/slim"><record><leader>00474nam--2200181-i-4500</leader><controlfield tag="001">000021892</controlfield><controlfield tag="002">20161230</controlfield><controlfield tag="005">20161230201034</controlfield><controlfield tag="008">060222s1000------------r-----000-0-eng-d</controlfield><datafield ind1=" " ind2=" " tag="040"><subfield code="a">IFIN-HH</subfield></datafield><datafield ind1=" " ind2=" " tag="080"><subfield code="a">53</subfield></datafield><datafield ind1="1" ind2=" " tag="100"><subfield code="a">Schneider, W.A</subfield></datafield><datafield ind1="1" ind2="0" tag="245"><subfield code="a">Experimental physics for colleges</subfield><subfield code="c">Waltere a. schneider, lloyd b. ham</subfield></datafield><datafield ind1=" " ind2=" " tag="260"><subfield code="a">New York</subfield><subfield code="b">Macmillan Co</subfield><subfield code="c">1960</subfield></datafield><datafield ind1=" " ind2=" " tag="300"><subfield code="a">XIV + 442 P</subfield></datafield><datafield ind1="1" ind2=" " tag="700"><subfield code="a">Ham, L.B</subfield></datafield><datafield ind1=" " ind2=" " tag="852"><subfield code="a">15992</subfield><subfield code="c">53.08</subfield></datafield><datafield ind1=" " ind2=" " tag="CAT"><subfield code="a">Sys</subfield><subfield code="c">20151027</subfield><subfield code="h">115923</subfield></datafield></record></collection>